@article{kingfisher,
author = {Hamalainen, Wilhelmiina},
year = {2011},
pages = {1-32},
title = {Kingfisher: An efficient algorithm for searching for both positive and negative dependency rules with statistical significance measures},
volume = {32},
journal = {Knowledge and Information Systems}
}

@Article{topk,
Title = {Filtered-top-k Association Discovery},
Author = {Webb, Geoff},
Journal = {WIREs Data Mining and Knowledge Discovery},
Year = {2011},
Number = {3},
Pages = {183-192},
Volume = {1}
}

@Article{ssi,
Title = {Self-Sufficient Itemsets: An Approach to Screening Potentially Interesting Associations Between Items},
Author = {Webb, Geoff},
Journal = {{ACM} Transactions on Knowledge Discovery from Data},
Year = {2010},
Volume = {4},
Articlenumber = {3},
Issue = {1}
}

@inproceedings{adwin,
  title={Learning from time-changing data with adaptive windowing},
  author={Bifet, Albert and Gavalda, Ricard},
  booktitle={Proceedings of the 2007 SIAM international conference on data mining},
  pages={443--448},
  year={2007}
}

@inproceedings{lossy,
 author = {Manku, Gurmeet Singh and Motwani, Rajeev},
 title = {Approximate Frequency Counts over Data Streams},
 booktitle = {Proceedings of the 28th International Conference on Very Large Data Bases},
 year = {2002},
 location = {Hong Kong, China},
 pages = {346--357},
 numpages = {12}
} 

@article{classsurvey,
author = {Nguyen, Hai-Long and Woon, Yew-Kwong and Ng, Wee Keong},
year = {2014},
month = {12},
pages = {},
title = {A Survey on Data Stream Clustering and Classification},
volume = {45},
journal = {Knowledge and Information Systems}
}

@article{driftsurvey,
 author = {Gama, Joao and \v{Z}liobait\.{e}, Indr\.{e} and Bifet, Albert and Pechenizkiy, Mykola and Bouchachia, Abdelhamid},
 title = {A Survey on Concept Drift Adaptation},
 journal = {ACM Computing Survey},
 issue_date = {April 2014},
 volume = {46},
 number = {4},
 year = {2014},
 pages = {44:1--44:37},
 articleno = {44},
 numpages = {37}
} 

@Article{patternwebb,
Title = {Discovering Significant Patterns},
Author = {Webb, Geoff},
Journal = {Machine Learning},
Year = {2007},
Number = {1},
Pages = {1-33},
Volume = {68}
}

@article{arm1,
  title={Discovery, analysis, and presentation of strong rules},
  author={Piatetsky-Shapiro, Gregory},
  journal={Knowledge discovery in databases},
  pages={229--238},
  year={1991}
}


@article{arm2,
 author = {Agrawal, Rakesh and Imieli\'{n}ski, Tomasz and Swami, Arun},
 title = {Mining Association Rules Between Sets of Items in Large Databases},
 journal = {SIGMOD Rec.},
 issue_date = {June 1, 1993},
 volume = {22},
 number = {2},
 month = jun,
 year = {1993},
 issn = {0163-5808},
 pages = {207--216},
 numpages = {10},
 url = {http://doi.acm.org/10.1145/170036.170072},
 doi = {10.1145/170036.170072},
 acmid = {170072},
 publisher = {ACM},
 address = {New York, NY, USA},
}

@inproceedings{arm3,
 author = {Bayardo, Roberto J. and Agrawal, Rakesh},
 title = {Mining the Most Interesting Rules},
 booktitle = {Proceedings of the Fifth ACM SIGKDD International Conference on Knowledge Discovery and Data Mining},
 year = {1999},
 location = {San Diego, California, USA},
 pages = {145--154},
 numpages = {10}
} 

@Article{arm4,
author="Bayardo, Roberto J.
and Agrawal, Rakesh
and Gunopulos, Dimitrios",
title="Constraint-Based Rule Mining in Large, Dense Databases",
journal="Data Mining and Knowledge Discovery",
year="2000",
day="01",
volume="4",
number="2",
pages="217--240"
}

@article{eddm,
author = {Baena-García, Manuel and Campo-Ávila, José and Fidalgo-Merino, Raúl and Bifet, Albert and Gavald, Ricard and Morales-Bueno, Rafael},
year = {2006},
month = {01},
pages = {},
title = {Early Drift Detection Method}
}

@inproceedings{ph,
author = {Mouss, Hayet and Mouss, M.Djamel and Mouss, Kinza and Linda, Sefouhi},
year = {2004},
month = {08},
pages = {815-818 Vol.2},
title = {Test of Page-Hinckley, an approach for fault detection in an agro-alimentary production system}
}

@inproceedings{gradual,
 author = {Harel, Maayan and Crammer, Koby and El-Yaniv, Ran and Mannor, Shie},
 title = {Concept Drift Detection Through Resampling},
 booktitle = {Proceedings of the 31st International Conference on International Conference on Machine Learning - Volume 32},
 year = {2014},
 location = {Beijing, China},
 pages = {II-1009--II-1017},
} 

@inproceedings{buffer,
  title={Fuzzy time windowing for gradual concept drift adaptation},
  author={Liu, Anjin and Zhang, Guangquan and Lu, Jie},
  booktitle={Proceedings of the 2017 IEEE International Conference on Fuzzy Systems},
  pages={1--6},
  year={2017},
  organization={IEEE}
}

@misc{uci1,
author = "Dua, Dheeru and Karra Taniskidou, Efi",
year = "2017",
title = {UCI Machine Learning Repository},
url = {http://archive.ics.uci.edu/ml},
institution = {University of California, Irvine, School of Information and Computer Sciences"} }

@misc{uci2,
    author = "Dua, Dheeru and Graff, Casey",
    year = "2017",
    title = "{UCI} Machine Learning Repository",
    url = "http://archive.ics.uci.edu/ml",
    institution = "University of California, Irvine, School of Information and Computer Sciences" }



@article{bms,
author = {Kohavi, Ron and Brodley, Carla and Frasca, Brian and Mason, Llew and Zheng, Zijian},
year = {2000},
month = {12},
pages = {86-98},
title = {KDD-Cup 2000 organizers' report},
volume = {2},
journal = {SIGKDD Explorations}
}

@inproceedings{retail,
 author = {Brijs, Tom and Swinnen, Gilbert and Vanhoof, Koen and Wets, Geert},
 title = {Using Association Rules for Product Assortment Decisions: A Case Study},
 booktitle = {Proceedings of the Fifth ACM SIGKDD International Conference on Knowledge Discovery and Data Mining},
 year = {1999},
 isbn = {1-58113-143-7},
 location = {San Diego, California, USA},
 pages = {254--260},
 numpages = {7}
}

@misc{uci3,
author = "Hettich, Seth and Bay, Stephen. D.",
year = "1999",
title = {The {UCI KDD} Archive},
url = {http://kdd.ics.uci.edu},
institution = {University of California, Irvine, School of Information and Computer Sciences"} }

@misc{CUCIS,
author = "Narayanan, Ramanathan and Ozisikyilmaz, Berkin and Memik, Gokhan and Choudhary, Alok and Liu, Ying",
year = "2018",
title = "NU-MineBench",
url = "http://cucis.ece.northwestern.edu/index.html"
}

@article{fp,
 author = {Han, Jiawei and Pei, Jian and Yin, Yiwen},
 title = {Mining Frequent Patterns Without Candidate Generation},
 journal = {SIGMOD Rec.},
 issue_date = {June 2000},
 volume = {29},
 number = {2},
 month = may,
 year = {2000},
 issn = {0163-5808},
 pages = {1--12},
 numpages = {12},
 url = {http://doi.acm.org/10.1145/335191.335372},
 doi = {10.1145/335191.335372},
 acmid = {335372},
 publisher = {ACM},
 address = {New York, NY, USA},
} 

@inproceedings{SWF,
	Address = {Berlin, Heidelberg},
	Author = {Chang, Chia-Hui and Yang, Shi-Hsan},
	Booktitle = {Advances in Knowledge Discovery and Data Mining},
	Editor = {Whang, Kyu-Young and Jeon, Jongwoo and Shim, Kyuseok and Srivastava, Jaideep},
	Isbn = {978-3-540-36175-6},
	Pages = {301--312},
	Publisher = {Springer Berlin Heidelberg},
	Title = {Enhancing SWF for Incremental Association Mining by Itemset Maintenance},
	Year = {2003}}
	
@inproceedings{window,
 author = {Lee, Chang-Hung and Lin, Cheng-Ru and Chen, Ming-Syan},
 title = {Sliding-window Filtering: An Efficient Algorithm for Incremental Mining},
 booktitle = {Proceedings of the Tenth International Conference on Information and Knowledge Management},
 series = {CIKM '01},
 year = {2001},
 isbn = {1-58113-436-3},
 location = {Atlanta, Georgia, USA},
 pages = {263--270},
 numpages = {8},
 url = {http://doi.acm.org/10.1145/502585.502630},
 doi = {10.1145/502585.502630},
 acmid = {502630},
 publisher = {ACM},
 address = {New York, NY, USA},
 keywords = {association rules, data mining, incremental mining, time-variant database},
} 

@inproceedings{inc,
 author = {Cheung, David Wai-Lok and Han, Jiawei and Ng, Vincent and Wong, C. Y.},
 title = {Maintenance of Discovered Association Rules in Large Databases: An Incremental Updating Technique},
 booktitle = {Proceedings of the Twelfth International Conference on Data Engineering},
 series = {ICDE '96},
 year = {1996},
 isbn = {0-8186-7240-4},
 pages = {106--114},
 numpages = {9},
 url = {http://dl.acm.org/citation.cfm?id=645481.655582},
 acmid = {655582},
 publisher = {IEEE Computer Society},
 address = {Washington, DC, USA},
 keywords = {Data Mining, Databases, Knowledge Discovery},
} 

@INPROCEEDINGS{timewin, 
author={Jin, Long and Chai, Duck Jin and Lee, Yang Koo and Ryu, Keun Ho},
booktitle={Sixth International Conference on Advanced Language Processing and Web Information Technology (ALPIT 2007)}, 
title={Mining Frequent Itemsets over Data Streams with Multiple Time-Sensitive Sliding Windows}, 
year={2007}, 
volume={}, 
number={}, 
pages={486-491}, 
keywords={Data mining;Itemsets;Information technology;Databases;Data analysis;Bioinformatics;Laboratories;Telecommunication traffic;Feeds;Data structures;Data MiningKnowledge Discovery}, 
doi={10.1109/ALPIT.2007.39}, 
ISSN={}, 
month={Aug},}

@article{spark,
 author = {Zaharia, Matei and Xin, Reynold S. and Wendell, Patrick and Das, Tathagata and Armbrust, Michael and Dave, Ankur and Meng, Xiangrui and Rosen, Josh and Venkataraman, Shivaram and Franklin, Michael J. and Ghodsi, Ali and Gonzalez, Joseph and Shenker, Scott and Stoica, Ion},
 title = {Apache Spark: A Unified Engine for Big Data Processing},
 journal = {Commun. ACM},
 issue_date = {November 2016},
 volume = {59},
 number = {11},
 month = oct,
 year = {2016},
 issn = {0001-0782},
 pages = {56--65},
 numpages = {10},
 url = {http://doi.acm.org/10.1145/2934664},
 doi = {10.1145/2934664},
 acmid = {2934664},
 publisher = {ACM},
 address = {New York, NY, USA},
} 

@InProceedings{ds,
author="Read, Jesse
and Bifet, Albert
and Pfahringer, Bernhard
and Holmes, Geoff",
editor="Hollm{\'e}n, Jaakko
and Klawonn, Frank
and Tucker, Allan",
title="Batch-Incremental versus Instance-Incremental Learning in Dynamic and Evolving Data",
booktitle="Advances in Intelligent Data Analysis XI",
year="2012",
publisher="Springer Berlin Heidelberg",
address="Berlin, Heidelberg",
pages="313--323",
isbn="978-3-642-34156-4"
}

@misc{wiki:bigdata,
    author = "{Wikipedia contributors}",
    title = "Big data --- {Wikipedia}{,} The Free Encyclopedia",
    year = "2019",
    url = "https://en.wikipedia.org/w/index.php?title=Big_data&oldid=890710606",
    note = "[Online; accessed 8-April-2019]"
}

@article{bigdata,
 author = {Laney, Doug},
 title = {3D Data Management Controlling Data Volume Velocity and Variety},
 journal = {Application Delivery Strategies},
 issue_date = {February 2001},
 month = feb,
 year = {2001},
 publisher = {META Group Inc.},
 address = {CT, USA},
} 

@misc{statsnz,
    author = "{Stats NZ}",
    title = "Retail and wholesale trade",
    year = "2019",
    url = "https://www.stats.govt.nz/topics/retail-and-wholesale-trade",
    note = "[Online; accessed 8-April-2019]"
}

@InProceedings{redundant,
author="Bastide, Yves
and Pasquier, Nicolas
and Taouil, Rafik
and Stumme, Gerd
and Lakhal, Lotfi",
editor="Lloyd, John
and Dahl, Veronica
and Furbach, Ulrich
and Kerber, Manfred
and Lau, Kung-Kiu
and Palamidessi, Catuscia
and Pereira, Lu{\'i}s Moniz
and Sagiv, Yehoshua
and Stuckey, Peter J.",
title="Mining Minimal Non-redundant Association Rules Using Frequent Closed Itemsets",
booktitle="Computational Logic --- CL 2000",
year="2000",
publisher="Springer Berlin Heidelberg",
address="Berlin, Heidelberg",
pages="972--986",
isbn="978-3-540-44957-7"
}

@misc{lossymanku,
    author = "Gurmeet Singh Manku",
    title = "Frequency Counts overData Streams",
    year = "2002",
    url = "https://www.cse.ust.hk/vldb2002/VLDB2002-proceedings/slides/S10P03slides.pdf",
    note = "[Online; accessed 8-April-2019]"
}

@inproceedings{apriori,
 author = {Agrawal, Rakesh and Srikant, Ramakrishnan},
 title = {Fast Algorithms for Mining Association Rules in Large Databases},
 booktitle = {Proceedings of the 20th International Conference on Very Large Data Bases},
 series = {VLDB '94},
 year = {1994},
 isbn = {1-55860-153-8},
 pages = {487--499},
 numpages = {13},
 url = {http://dl.acm.org/citation.cfm?id=645920.672836},
 acmid = {672836},
 publisher = {Morgan Kaufmann Publishers Inc.},
 address = {San Francisco, CA, USA},
} 

@Article{armlin,
author="Lin, Weiyang
and Alvarez, Sergio A.
and Ruiz, Carolina",
title="Efficient Adaptive-Support Association Rule Mining for Recommender Systems",
journal="Data Mining and Knowledge Discovery",
year="2002",
month="Jan",
day="01",
volume="6",
number="1",
pages="83--105",
issn="1573-756X",
doi="10.1023/A:1013284820704",
url="https://doi.org/10.1023/A:1013284820704"
}

@article{pmsurvey,
  title={Survey on Frequent Pattern Mining},
  author={Bart Goethals},
  journal={University of Helsinki},
  volume={19},
  pages={840-852},
  year={2003}
}

@article{DHP,
 author = {Park, Jong Soo and Chen, Ming-Syan and Yu, Philip S.},
 title = {An Effective Hash-based Algorithm for Mining Association Rules},
 journal = {SIGMOD Rec.},
 issue_date = {May 1995},
 volume = {24},
 number = {2},
 month = may,
 year = {1995},
 issn = {0163-5808},
 pages = {175--186},
 numpages = {12},
 url = {http://doi.acm.org/10.1145/568271.223813},
 doi = {10.1145/568271.223813},
 acmid = {223813},
 publisher = {ACM},
 address = {New York, NY, USA},
} 

@incollection{apriori2,
 author = {Agrawal, Rakesh and Mannila, Heikki and Srikant, Ramakrishnan and Toivonen, Hannu and Verkamo, A. Inkeri},
 chapter = {Fast Discovery of Association Rules},
 title = {Advances in Knowledge Discovery and Data Mining},
 editor = {Fayyad, Usama M. and Piatetsky-Shapiro, Gregory and Smyth, Padhraic and Uthurusamy, Ramasamy},
 year = {1996},
 isbn = {0-262-56097-6},
 pages = {307--328},
 numpages = {22},
 url = {http://dl.acm.org/citation.cfm?id=257938.257975},
 acmid = {257975},
 publisher = {American Association for Artificial Intelligence},
 address = {Menlo Park, CA, USA},
} 

@inproceedings{apriori3,
 author = {Mannila, Heikki and Toivonen, Hannu and Verkamo, A. Inkeri},
 title = {Efficient Algorithms for Discovering Association Rules},
 booktitle = {Proceedings of the 3rd International Conference on Knowledge Discovery and Data Mining},
 series = {AAAIWS'94},
 year = {1994},
 location = {Seattle, WA},
 pages = {181--192},
 numpages = {12},
 url = {http://dl.acm.org/citation.cfm?id=3000850.3000869},
 acmid = {3000869},
 publisher = {AAAI Press},
 keywords = {algorithms, association rules, covering sets, sampling},
} 

@inproceedings{LCM,
  title={LCM ver. 2: Efficient Mining Algorithms for Frequent/Closed/Maximal Itemsets},
  author={Uno, Takeaki and Kiyomi, Masashi and Arimura, Hiroki},
  booktitle={FIMI},
  year={2004}
}

@misc{apriorifig,
  title = {Apriori Algorithm},
  author = {Rahul Talreja},
  url = {https://www.sites.google.com/site/getallcodesyouwant/data-mining/apriori-algorithm},
  note = {Accessed: 2019-05-14}
}

@article{eclat,
 author = {Zaki, Mohammed J.},
 title = {Scalable Algorithms for Association Mining},
 journal = {IEEE Trans. on Knowl. and Data Eng.},
 issue_date = {May 2000},
 volume = {12},
 number = {3},
 month = may,
 year = {2000},
 issn = {1041-4347},
 pages = {372--390},
 numpages = {19},
 url = {http://dx.doi.org/10.1109/69.846291},
 doi = {10.1109/69.846291},
 acmid = {628066},
 publisher = {IEEE Educational Activities Department},
 address = {Piscataway, NJ, USA},
 keywords = {Association rules, frequent itemsets, equivalence classes, maximal cliques, lattices, data mining.},
}

@article{PHT,
 ISSN = {00063444},
 URL = {http://www.jstor.org/stable/2333009},
 author = {E. S. Page},
 journal = {Biometrika},
 number = {1/2},
 pages = {100--115},
 publisher = {[Oxford University Press, Biometrika Trust]},
 title = {Continuous Inspection Schemes},
 volume = {41},
 year = {1954}
}

@Inbook{survey2014,
author="Aggarwal, Charu C.
and Bhuiyan, Mansurul A.
and Hasan, Mohammad Al",
editor="Aggarwal, Charu C.
and Han, Jiawei",
title="Frequent Pattern Mining Algorithms: A Survey",
bookTitle="Frequent Pattern Mining",
year="2014",
publisher="Springer International Publishing",
address="Cham",
pages="19--64",
abstract="This chapter will provide a detailed survey of frequent pattern mining algorithms. A wide variety of algorithms will be covered starting from Apriori. Many algorithms such as Eclat, TreeProjection, and FP-growth will be discussed. In addition a discussion of several maximal and closed frequent pattern mining algorithms will be provided. Thus, this chapter will provide one of most detailed surveys of frequent pattern mining algorithms available in the literature.",
isbn="978-3-319-07821-2",
doi="10.1007/978-3-319-07821-2_2",
url="https://doi.org/10.1007/978-3-319-07821-2_2"
}

@Article{fpopt1,
author="Han, Jiawei
and Pei, Jian
and Yin, Yiwen
and Mao, Runying",
title="Mining Frequent Patterns without Candidate Generation: A Frequent-Pattern Tree Approach",
journal="Data Mining and Knowledge Discovery",
year="2004",
month="Jan",
day="01",
volume="8",
number="1",
pages="53--87",
issn="1573-756X",
doi="10.1023/B:DAMI.0000005258.31418.83",
url="https://doi.org/10.1023/B:DAMI.0000005258.31418.83"
}

@INPROCEEDINGS{fpopt2,
    author = {Mohammad El-hajj and Osmar R. Zaïane},
    title = {COFI-tree Mining: A New Approach to Pattern Growth with Reduced Candidacy Generation},
    booktitle = {Workshop on Frequent Itemset Mining Implementations (FIMI’03) in conjunction with IEEE-ICDM},
    year = {2003}
}

@INPROCEEDINGS{fpopt3,
    author = {Gösta Grahne and Jianfei Zhu},
    booktitle = {IEEE ICDM Workshop on Frequent Itemset Mining},
    title = {Efficiently Using Prefix-trees in Mining Frequent Itemsets},
    year = {2003}
}

@ARTICLE{fpopt4, 
author={Grahne, Gosta and Zhu, Jianfei}, 
journal={IEEE Transactions on Knowledge and Data Engineering}, 
title={Fast algorithms for frequent itemset mining using FP-trees}, 
year={2005}, 
volume={17}, 
number={10}, 
pages={1347-1362}, 
keywords={data mining;very large databases;tree data structures;frequent itemset mining;FP-tree data structures;association rules;data mining;prefix-tree structure;FP-array technique;sparse data sets;Itemsets;Data mining;Association rules;Lattices;Transaction databases;Data structures;Multidimensional systems;Index Terms- Data mining;association rules.}, 
doi={10.1109/TKDE.2005.166}, 
ISSN={1041-4347}, 
month={Oct},}

@INPROCEEDINGS{fpopt5, 
author={Lan, Qihua and Zhang, Defu and Wu, Bo}, 
booktitle={2009 WRI Global Congress on Intelligent Systems}, 
title={A New Algorithm for Frequent Itemsets Mining Based on Apriori and FP-Tree}, 
year={2009}, 
volume={2}, 
number={}, 
pages={360-364}, 
keywords={data mining;frequent itemsets mining;association rules mining;apriori algorithm;FP-tree structure;Itemsets;Data mining;Association rules;Intelligent systems;Computer science;Transaction databases;Buildings;Data structures;frequent itemset mining;apriori;fp-tree}, 
doi={10.1109/GCIS.2009.387}, 
ISSN={2155-6083}, 
month={May},}

@inproceedings{fpopt6,
  title={CT-PRO: A Bottom-Up Non Recursive Frequent Itemset Mining Algorithm Using Compressed FP-Tree Data Structure},
  author={Yudho Giri Sucahyo and Raj P. Gopalan},
  booktitle={FIMI},
  year={2004}
}